<record><leader>00000cas a22000007a 4500</leader><controlfield tag="001">14815262</controlfield><controlfield tag="008">861121d195319uutxumr ne      0    0eng d</controlfield><datafield ind1=" " ind2=" " tag="010"><subfield code="a">sn 86090170 </subfield></datafield><datafield ind1=" " ind2=" " tag="040"><subfield code="a">PPM</subfield><subfield code="b">eng</subfield><subfield code="c">PPM</subfield><subfield code="d">OCLCQ</subfield></datafield><datafield ind1=" " ind2=" " tag="042"><subfield code="a">msc</subfield></datafield><datafield ind1="0" ind2="4" tag="245"><subfield code="a">The Tex-vet :</subfield><subfield code="b">the American Veterans of World War II.</subfield></datafield><datafield ind1=" " ind2=" " tag="260"><subfield code="a">Wichita Falls, Tex. :</subfield><subfield code="b">AMVETS Charles W. Trout Post No. 18, Dept. of Texas,</subfield><subfield code="c">1953-</subfield></datafield><datafield ind1=" " ind2=" " tag="300"><subfield code="a">v. :</subfield><subfield code="b">ill. ;</subfield><subfield code="c">45 cm.</subfield></datafield><datafield ind1=" " ind2=" " tag="310"><subfield code="a">Monthly</subfield></datafield><datafield ind1="0" ind2=" " tag="362"><subfield code="a">Vol. 1, no. 1 (Mar. 1953)-</subfield></datafield><datafield ind1=" " ind2=" " tag="500"><subfield code="a">"We Served Together, Let's Build Together."</subfield></datafield><datafield ind1=" " ind2=" " tag="752"><subfield code="a">United States</subfield><subfield code="b">Texas</subfield><subfield code="c">Wichita</subfield><subfield code="d">Wichita Falls.</subfield></datafield></record>